@inproceedings{debevec1998rendering,
  title={Rendering synthetic objects into real scenes: bridging traditional and image-based graphics with global illumination and high dynamic range photography},
  author={Debevec, Paul},
  booktitle={Proceedings of the 25th annual conference on Computer graphics and interactive techniques},
  pages={189--198},
  year={1998},
  organization={ACM}
}
@article{gardner2017learning,
  title={Learning to predict indoor illumination from a single image},
  author={Gardner, Marc-Andr{\'e} and Sunkavalli, Kalyan and Yumer, Ersin and Shen, Xiaohui and Gambaretto, Emiliano and Gagn{\'e}, Christian and Lalonde, Jean-Fran{\c{c}}ois},
  journal={ACM Transactions on Graphics (TOG)},
  volume={36},
  number={6},
  pages={176},
  year={2017},
  publisher={ACM}
}
@inproceedings{hold2017deep,
  title={Deep outdoor illumination estimation},
  author={Hold-Geoffroy, Yannick and Sunkavalli, Kalyan and Hadap, Sunil and Gambaretto, Emiliano and Lalonde, Jean-Fran{\c{c}}ois},
  booktitle={Proceedings of the IEEE Conference on Computer Vision and Pattern Recognition},
  pages={7312--7321},
  year={2017}
}